<record><leader>00000cas a22000007a 4500</leader><controlfield tag="001">27342013</controlfield><controlfield tag="008">930128d18761881cauwr ne      0    0eng d</controlfield><datafield ind1=" " ind2=" " tag="010"><subfield code="a">sn 92068469 </subfield></datafield><datafield ind1=" " ind2=" " tag="040"><subfield code="a">CUY</subfield><subfield code="b">eng</subfield><subfield code="c">CNK</subfield><subfield code="d">OCLCQ</subfield></datafield><datafield ind1=" " ind2=" " tag="042"><subfield code="a">msc</subfield></datafield><datafield ind1="0" ind2="0" tag="245"><subfield code="a">Hollister telegraph.</subfield></datafield><datafield ind1=" " ind2=" " tag="260"><subfield code="a">Hollister, San Benito County, Cal. :</subfield><subfield code="b">G.W. Carlton</subfield></datafield><datafield ind1=" " ind2=" " tag="300"><subfield code="a">v.</subfield></datafield><datafield ind1=" " ind2=" " tag="310"><subfield code="a">Weekly</subfield></datafield><datafield ind1="1" ind2=" " tag="362"><subfield code="a">Began in 1876; ceased in 1881.</subfield></datafield><datafield ind1=" " ind2=" " tag="588"><subfield code="a">Description based on: Vol. 1, no. 5 (Sept. 28, 1876).</subfield></datafield><datafield ind1=" " ind2="4" tag="651"><subfield code="a">San Benito County (Calif.)</subfield><subfield code="v">Newspapers.</subfield></datafield><datafield ind1=" " ind2=" " tag="752"><subfield code="a">United States</subfield><subfield code="b">California</subfield><subfield code="c">San Benito</subfield><subfield code="d">Hollister.</subfield></datafield><datafield ind1="0" ind2="7" tag="785"><subfield code="t">Hollister enterprise</subfield><subfield code="w">(DLC)sn 92068468</subfield></datafield><datafield ind1="0" ind2="7" tag="785"><subfield code="t">Pacific Coast (Hollister, Calif. : 1881)</subfield><subfield code="w">(DLC)sn 92068470</subfield></datafield><datafield ind1="1" ind2=" " tag="029"><subfield code="a">AU@</subfield><subfield code="b">000020734642</subfield></datafield></record>